@article{goulart20,
title = {Technology readiness assessment of ultra-deep salt caverns for carbon capture and storage in Brazil},
journal = {International Journal of Greenhouse Gas Control},
volume = {99},
pages = {103083},
year = {2020},
issn = {1750-5836},
doi = {https://doi.org/10.1016/j.ijggc.2020.103083},
url = {https://www.sciencedirect.com/science/article/pii/S1750583619307170},
author = {Mariana Barbero Ribeiro Goulart and Pedro Vassalo Maia da Costa and Alvaro Maia da Costa and Antonio C.O. Miranda and Andre Bergsten Mendes and Nelson F.F. Ebecken and Julio R. Meneghini and Kazuo Nishimoto and Gustavo R.S. Assi},
keywords = {Salt caverns, Carbon capture and storage system, Technology readiness levels analysis},
}

@article{maraggi23,
  title={Modeling hydrogen storage capacities, injection and withdrawal cycles in salt caverns: Introducing the GeoH2 salt storage and cycling app},
  author={Maraggi, Leopoldo M Ruiz and Moscardelli, Lorena G},
  journal={International Journal of Hydrogen Energy},
  year={2023},
  publisher={Elsevier}
}

@article{firme23,
  title={Geomechanics of salt towards natural barriers for the abandonment of pre-salt wells in Brazil},
  author={Firme, Pedro ALP and Roehl, Deane and Mejia, Cristian and Romanel, Celso},
  journal={Geoenergy Science and Engineering},
  volume={228},
  pages={211849},
  year={2023},
  publisher={Elsevier}
}

@article{maia1984,
  title={An application of computing methods and principles of rock mechanics in the project and analysis of underground excavations intended to underground mining},
  author={Costa, AM},
  journal={UFRJ.},
  year={1984}
}

@article{caglayan2020,
  title={Technical potential of salt caverns for hydrogen storage in Europe},
  author={Caglayan, Dilara Gulcin and Weber, Nikolaus and Heinrichs, Heidi U and Lin{\ss}en, Jochen and Robinius, Martin and Kukla, Peter A and Stolten, Detlef},
  journal={International Journal of Hydrogen Energy},
  volume={45},
  number={11},
  pages={6793--6805},
  year={2020},
  publisher={Elsevier}
}

@article{li2021investigation,
  title={Investigation of thermal-mechanical effects on salt cavern during cycling loading},
  author={Li, Wenjing and Nan, Xing and Chen, Jiasong and Yang, Chunhe},
  journal={Energy},
  volume={232},
  pages={120969},
  year={2021},
  publisher={Elsevier}
}

@article{coarita23,
  title={Hydromechanical modelling of salt caverns subjected to cyclic hydrogen injection and withdrawal},
  author={Coarita-Tintaya, Ever-Dennys and Golfier, Fabrice and Grgic, Dragan and Souley, Mountaka and Cheng, Long},
  journal={Computers and Geotechnics},
  volume={162},
  pages={105690},
  year={2023},
  publisher={Elsevier}
}

@article{zhao22,
  title={Feasibility analysis of salt cavern gas storage in extremely deep formation: A case study in China},
  author={Zhao, Kai and Liu, Yuanxi and Li, Yinping and Ma, Hongling and Hou, Wei and Yu, Changfu and Liu, Haolin and Feng, Chang and Yang, Chunhe},
  journal={Journal of Energy Storage},
  volume={47},
  pages={103649},
  year={2022},
  publisher={Elsevier}
}

@article{abreu23,
  title={Large-scale storage of hydrogen in salt caverns for carbon footprint reduction},
  author={Abreu, Julia Franco and Costa, Alvaro M and Costa, Pedro VM and Miranda, Antonio CO and Zheng, Zhuoyuan and Wang, Pingfeng and Goulart, Mariana BR and Bergsten, Andr{\'e} and Ebecken, Nelson FF and Bittencourt, Carlos H and others},
  journal={International Journal of Hydrogen Energy},
  volume={48},
  number={38},
  pages={14348--14362},
  year={2023},
  publisher={Elsevier}
}
